<?xml version='1.0' encoding='UTF-8'?>
<record xmlns="http://www.loc.gov/MARC21/slim">
  <leader>01124cam a2200253 a 4500</leader>
  <controlfield tag="001">1131805</controlfield>
  <controlfield tag="003">NjP</controlfield>
  <controlfield tag="005">20171031094842.0</controlfield>
  <controlfield tag="008">950615s1858    tu            00010 ara d</controlfield>
  <datafield tag="024" ind1="7" ind2=" ">
    <subfield code="a">princeton_aco002947</subfield>
    <subfield code="2">local</subfield>
  </datafield>
  <datafield ind1=" " ind2=" " tag="035">
    <subfield code="a">(OCoLC)36783180</subfield>
  </datafield>
  <datafield ind1=" " ind2=" " tag="035">
    <subfield code="a">(CStRLIN)NJPG95-B37305</subfield>
  </datafield>
  <datafield ind1=" " ind2=" " tag="035">
    <subfield code="9">CCM9272TS</subfield>
  </datafield>
  <datafield ind1=" " ind2=" " tag="040">
    <subfield code="a">NjP</subfield>
    <subfield code="c">NjP</subfield>
  </datafield>
  <datafield ind1="1" ind2=" " tag="100">
    <subfield code="a">Kaffawī, Muḥammad ibn Ḥumayd,</subfield>
    <subfield code="d">-1760 or 1761.</subfield>
    <subfield code="0">http://id.loc.gov/authorities/names/nr91022467</subfield>
  </datafield>
  <datafield ind1="1" ind2="0" tag="245">
    <subfield code="a">Sharḥ al-Bināʼ /</subfield>
    <subfield code="c">li-Muḥammad al-Kaffawī.</subfield>
  </datafield>
  <datafield ind1=" " ind2=" " tag="260">
    <subfield code="a">[Istanbul :</subfield>
    <subfield code="b">s.n.],</subfield>
    <subfield code="c">1275 [1858]</subfield>
  </datafield>
  <datafield ind1=" " ind2=" " tag="300">
    <subfield code="a">79 p. ;</subfield>
    <subfield code="c">20 cm.</subfield>
  </datafield>
  <datafield ind1=" " ind2=" " tag="500">
    <subfield code="a">Caption title.</subfield>
  </datafield>
  <datafield ind1=" " ind2=" " tag="590">
    <subfield code="a">Princeton copy bound with: Imʻān al-anẓār / by Muḥammad ibn Pīr ʻAlī al-Birkawī. [Istanbul : s.n., 1858]. Rūḥ al-shurūḥ / [ʻĪsá Sīrawī]. [Istanbul] : Dār al-Ṭibāʻah al-ʻĀmirah, 1856.</subfield>
  </datafield>
  <datafield ind1=" " ind2="0" tag="650">
    <subfield code="a">Arabic language</subfield>
    <subfield code="x">Morphology.</subfield>
    <subfield code="0">http://id.loc.gov/authorities/subjects/sh2007101233</subfield>
  </datafield>
  <datafield ind1="1" ind2="0" tag="600">
    <subfield code="a">Dunquzī, ʻAbd Allāh,</subfield>
    <subfield code="d">17th cent.</subfield>
    <subfield code="t">Bināʼ al-afʻāl.</subfield>
  </datafield>
  <datafield ind1=" " ind2=" " tag="998">
    <subfield code="a">04/09/97</subfield>
    <subfield code="s">9114</subfield>
    <subfield code="n">NjP</subfield>
    <subfield code="w">NJPG95B37305</subfield>
    <subfield code="d">06/15/95</subfield>
    <subfield code="c">AAH</subfield>
    <subfield code="b">KC</subfield>
    <subfield code="i">970409</subfield>
    <subfield code="l">NJPG</subfield>
  </datafield>
  <datafield ind1=" " ind2=" " tag="948">
    <subfield code="a">BW 1</subfield>
  </datafield>
  <datafield ind1=" " ind2=" " tag="911">
    <subfield code="a">19970417</subfield>
  </datafield>
  <datafield ind1=" " ind2=" " tag="912">
    <subfield code="a">19970409000000.0</subfield>
  </datafield>
  <datafield ind1="0" ind2="0" tag="852">
    <subfield code="0">1298309</subfield>
    <subfield code="b">rcppa</subfield>
    <subfield code="t">1</subfield>
    <subfield code="h">PJ6131</subfield>
    <subfield code="i">.K333 1858</subfield>
    <subfield code="x">tr fr arab</subfield>
  </datafield>
  <datafield ind1=" " ind2=" " tag="959">
    <subfield code="a">2000-06-13 00:00:00 -0500</subfield>
  </datafield>
</record>
